%  将来的にこっちを使いたい

@article{docker-satd,
  title = {コンテナ仮想化技術におけるSelf-Admitted Technical Debtの調査},
  author = {東英明 and \CID{14623}本真佑 and 亀井靖高 and 楠本真二},
  journal = {電子情報通信学会技術研究報告},
  volume = {120},
  number = {193},
  pages = {25-30},
  month = {10},
  year = {2020},
}

@inproceedings{satd-removal,
  title={An empirical study on the removal of self-admitted technical debt},
  author={Maldonado, Everton da S and Abdalkareem, Rabe and Shihab, Emad and Serebrenik, Alexander},
  booktitle={2017 IEEE International Conference on Software Maintenance and Evolution (ICSME)},
  pages={238--248},
  year={2017},
  organization={IEEE}
}

@inproceedings{satd-real-removal,
  title={Was self-admitted technical debt removal a real removal? An in-depth perspective},
  author={Zampetti, Fiorella and Serebrenik, Alexander and Di Penta, Massimiliano},
  booktitle={2018 IEEE/ACM 15th International Conference on Mining Software Repositories (MSR)},
  pages={526--536},
  year={2018},
  organization={IEEE}
}


@inproceedings{docker-failures,
  title={An Empirical Study of Build Failures in the Docker Context},
  author={Wu, Yiwen and Zhang, Yang and Wang, Tao and Wang, Huaimin},
  booktitle={Proceedings of the 17th International Conference on Mining Software Repositories},
  pages={76--80},
  year={2020}
}

@article{1-ref-25,
    author={E. d. S. {Maldonado} and E. {Shihab} and N. {Tsantalis}},
    journal={IEEE Transactions on Software Engineering},
    title={Using Natural Language Processing to Automatically Detect Self-Admitted Technical Debt},
    year={2017},
    volume={43},
    number={11},
    pages={1044-1062},
    doi={10.1109/TSE.2017.2654244}
}

