@InProceedings{mlab/ishida06:percom_demo,
  author = 	 {Ishida, Shigemi and Minami, Masateru and Nishizawa, Youhei and Morito, Takashi and Moriyama, Yusuke and Morikawa, Hiroyuki and Aoyama, Tomonori},
  title = 	 {Three Devices for Tackling Practical Problems in Pervasive Computing},
  OPTcrossref =  {},
  OPTkey = 	 {},
  booktitle =	 IEEE_D_PERCOM,
  pages = 	 {1},
  year = 	 {2006},
  OPTeditor = 	 {},
  OPTvolume = 	 {},
  OPTnumber = 	 {},
  OPTseries = 	 {},
  OPTaddress = 	 {Pisa, Italy},
  month = 	 mar,
  OPTorganization = {},
  publisher =	 {D8},
  OPTnote = 	 {},
  OPTannote = 	 {}
}

@InProceedings{mlab/matsui07:wake-up_st,
  author = 	 {松井 壮介 and 石田 繁巳 and 鈴木 誠 and 猿渡 俊介 and 森川 博之},
  title = 	 {実験的アプローチによるシングルホップ通信とマルチホップ通信の消費電力の比較},
  OPTcrossref =  {},
  OPTkey = 	 {},
  booktitle =	 IEICEJ_ST,
  pages = 	 {1},
  year = 	 {2007},
  OPTeditor = 	 {},
  OPTvolume = 	 {},
  OPTnumber = 	 {},
  OPTseries = 	 {},
  OPTaddress = 	 {},
  month = 	 mar,
  OPTorganization = {},
  publisher =	 {A-21-22},
  OPTnote = 	 {},
  OPTannote = 	 {}
}

@InProceedings{mlab/ishida07:wake-up_st,
  author = 	 {石田 繁巳 and 猿渡 俊介 and 鈴木 誠 and 森川 博之},
  title = 	 {サービス発見のためのゼロ受信待機電力無線システムの設計},
  OPTcrossref =  {},
  OPTkey = 	 {},
  booktitle =	 IEICEJ_ST,
  pages = 	 {1},
  year = 	 {2007},
  OPTeditor = 	 {},
  OPTvolume = 	 {},
  OPTnumber = 	 {},
  OPTseries = 	 {},
  OPTaddress = 	 {},
  month = 	 mar,
  OPTorganization = {},
  publisher =	 {B-7-202},
  OPTnote = 	 {},
  OPTannote = 	 {}
}

@InProceedings{mlab/ishida08:wake-up_st,
  author = 	 {石田 繁巳 and 鈴木 誠 and 森戸 貴 and 森川 博之},
  title = 	 {低受信待機電力無線通信のための階層型ウェイクアップ機構},
  OPTcrossref =  {},
  OPTkey = 	 {},
  booktitle =	 IEICEJ_ST,
  pages = 	 {1},
  year = 	 {2008},
  OPTeditor = 	 {},
  OPTvolume = 	 {},
  OPTnumber = 	 {},
  OPTseries = 	 {},
  OPTaddress = 	 {},
  month = 	 mar,
  OPTorganization = {},
  publisher =	 {B-5-112},
  OPTnote = 	 {},
  OPTannote = 	 {}
}

@InProceedings{mlab/ishida08:wakeup_in,
  author = 	 {石田 繁巳 and 鈴木 誠 and 森戸 貴 and 森川 博之},
  title = 	 {低受信待機電力無線通信のための多段ウェイクアップ機構},
  OPTcrossref =  {},
  OPTkey = 	 {},
  booktitle =    IEICEJ_T,
  pages = 	 {355--360},
  year = 	 {2008},
  OPTeditor = 	 {},
  OPTvolume = 	 {},
  OPTnumber = 	 {},
  OPTseries = 	 {},
  OPTaddress = 	 {},
  month = 	 mar,
  OPTorganization = {},
  publisher =	 IEICEJ_T_IN # "（IN2007-218）",
  OPTnote = 	 {},
  OPTannote = 	 {}
}

@InProceedings{mlab/takiguchi09:wakeup_greencomm,
  author = 	 {Takiguchi, Takahiro and Saruwatari, Shunsuke and Morito, Takashi and Ishida, Shigemi and Minami, Masateru and Morikawa, Hiroyuki},
  title = 	 {A Novel Wireless Wake-up Mechanism for Energy-efficient Ubiquitous Networks},
  OPTcrossref =	 {GreenComm2009},
  OPTkey = 	 {},
  booktitle =	 IEEE_P_GREENCOMM,
  pages = 	 {1--5},
  year = 	 {2009},
  OPTeditor = 	 {},
  OPTvolume = 	 {},
  OPTnumber = 	 {},
  OPTseries = 	 {},
  OPTaddress = 	 {},
  month = 	 jun,
  OPTorganization = {},
  OPTpublisher = {},
  OPTnote = 	 {},
  OPTannote = 	 {}
}

@Unpublished{mlab/ishida09:inria,
  author = 	 {Ishida, Shigemi},
  title = 	 {Wake-up Wireless Communication System for Energy-Efficient Ubiquitous Network},
  note = 	 {INRIA-TODAI Workshop (GCOE-INRIA Workshop), oral presentation},
  OPTkey = 	 {},
  month = 	 dec,
  year = 	 {2009},
  OPTaddress = 	 {Versailles, France},
  OPTannote = 	 {}
}

@InProceedings{mlab/takiguchi10:bloom_rcs,
  author = 	 {瀧口 貴啓 and 石田 繁巳 and 猿渡 俊介 and 南 正輝 and 森川 博之},
  title = 	 {ブルームフィルタを用いたウェイクアップ型無線通信システムの消費電力評価},
  OPTcrossref =  {},
  OPTkey = 	 {},
  booktitle =    IEICEJ_T,
  pages = 	 {269--274},
  year = 	 {2010},
  OPTeditor = 	 {},
  OPTvolume = 	 {},
  OPTnumber = 	 {},
  OPTseries = 	 {},
  OPTaddress = 	 {},
  month = 	 jan,
  OPTorganization = {},
  publisher =	 IEICEJ_T_RCS # "（RCS2009-254）",
  OPTnote = 	 {},
  OPTannote = 	 {}
}

@Unpublished{mlab/ishida10:hakone_mct,
  author = 	 {Ishida, Shigemi},
  title = 	 {Design of a Zero-Power-Listening Wireless System for Service Discovery},
  note = 	 {1st International Workshop on Microwatt Communication Technology},
  OPTkey = 	 {},
  month = 	 jan,
  year = 	 {2010},
  OPTaddress =	 {Hakone, Japan},
  OPTannote = 	 {}
}

@InProceedings{mlab/ishida10:apsitt,
  author = 	 {Ishida, Shigemi and Takiguchi, Takahiro and Saruwatari, Shunsuke and Minami, Masateru and Morikawa, Hiroyuki},
  title = 	 {Evaluation of a Wake-up Wireless Module with {Bloom}-Filter-Based {ID} Matching},
  OPTcrossref =  {},
  OPTkey = 	 {},
  booktitle =	 IEICE_C_APSITT,
  pages = 	 {1--6},
  year = 	 {2010},
  OPTeditor = 	 {},
  OPTvolume = 	 {},
  OPTnumber = 	 {},
  OPTseries = 	 {},
  OPTaddress = 	 {Kuching, Sarawak, Malaysia},
  month = 	 jun,
  OPTorganization = {},
  OPTpublisher = {},
  OPTnote = 	 {},
  OPTannote = 	 {}
}

@InProceedings{mlab/ishida10:wake-up_imple,
  author = 	 {石田 繁巳 and 瀧口 貴啓 and 猿渡 俊介 and 南 正輝 and 森川 博之},
  title = 	 {ウェイクアップ型無線通信のためのグループ指定可能{ID}マッチング機構の実装},
  OPTcrossref =  {},
  OPTkey = 	 {},
  booktitle =	 IEICEJ_SO,
  pages = 	 {1},
  year = 	 {2010},
  OPTeditor = 	 {},
  OPTvolume = 	 {},
  OPTnumber = 	 {},
  OPTseries = 	 {},
  OPTaddress = 	 {},
  month = 	 sep,
  OPTorganization = {},
  publisher =	 {B-5-140},
  OPTnote = 	 {},
  OPTannote = 	 {}
}

@Unpublished{mlab/ishida10:iot,
  author = 	 {Ishida, Shigemi and Takiguchi, Takahiro and Saruwatari, Shunsuke and Minami, Masateru and Morikawa, Hiroyuki},
  title = 	 {Implementation of {Bloom}-Filter-Based {ID} Matching for Wake-up Wireless Communication},
  note = 	 {Internet of Things 2010 Conference (IoT 2010), Poster},
  OPTkey = 	 {},
  month = 	 dec,
  year = 	 {2010},
  OPTaddress =	 {Tokyo, Japan},
  OPTannote = 	 {}
}

@Unpublished{mlab/ishida10:google_workshop,
  author = 	 {Ishida, Shigemi},
  title = 	 {Wake-up Wireless Communication System},
  note = 	 {Tech Talks and Mix at Google Tokyo, oral presentation},
  OPTkey = 	 {},
  month = 	 dec,
  year = 	 {2010},
  OPTaddress =	 {Tokyo, Japan},
  OPTannote = 	 {}
}

@Unpublished{mlab/kak-t10:health_poster,
  author = 	 {角田 仁 and 中嶋 毅彰 and 石田 繁巳 and 猿渡 俊介 and 森川 博之},
  title = 	 {社会実装に向けたヘルスケア情報共有基盤},
  note = 	 {第5回人間情報学会講演会，ポスター},
  OPTkey = 	 {},
  month = 	 dec,
  year = 	 {2010},
  OPTannote = 	 {}
}

@InProceedings{mlab/ishida11:wake-up_sogo,
  author = 	 {石田 繁巳 and 瀧口 貴啓 and 猿渡 俊介 and 森川 博之},
  title = 	 {ブルームフィルタを用いたウェイクアップ型無線通信システムにおける{ID}長の影響},
  OPTcrossref =  {},
  OPTkey = 	 {},
  booktitle =	 IEICEJ_ST,
  pages = 	 {1},
  year = 	 {2011},
  OPTeditor = 	 {},
  OPTvolume = 	 {},
  OPTnumber = 	 {},
  OPTseries = 	 {},
  OPTaddress = 	 {},
  month = 	 mar,
  OPTorganization = {},
  publisher =	 {B-5-146},
  OPTnote = 	 {},
  OPTannote = 	 {}
}

@InProceedings{mlab/takiguchi11:wake-up_sogo,
  author = 	 {瀧口 貴啓 and 石田 繁巳 and 岸 孝彦 and 丹羽 栄二 and 見並 一明 and 猿渡 俊介 and 森川 博之},
  title = 	 {車両内ウェイクアップ型無線通信における数個のビット不一致許容{ID}マッチング},
  OPTcrossref =  {},
  OPTkey = 	 {},
  booktitle =	 IEICEJ_ST,
  pages = 	 {1},
  year = 	 {2011},
  OPTeditor = 	 {},
  OPTvolume = 	 {},
  OPTnumber = 	 {},
  OPTseries = 	 {},
  OPTaddress = 	 {},
  month = 	 mar,
  OPTorganization = {},
  publisher =	 {B-5-145},
  OPTnote = 	 {},
  OPTannote = 	 {}
}

@InProceedings{mlab/okamura11:sogo,
  author = 	 {岡村 悠貴 and 鈴木 誠 and 石田 繁巳 and 今泉 英明 and 関谷 勇司 and 森川 博之 },
  title = 	 {非同期光パケットリングにおける高帯域利用効率パケット選択方式},
  OPTcrossref =  {},
  OPTkey = 	 {},
  booktitle =	 IEICEJ_ST,
  pages = 	 {1},
  year = 	 {2011},
  OPTeditor = 	 {},
  OPTvolume = 	 {},
  OPTnumber = 	 {},
  OPTseries = 	 {},
  OPTaddress = 	 {},
  month = 	 mar,
  OPTorganization = {},
  publisher =	 {B-10-96},
  OPTnote = 	 {},
  OPTannote = 	 {}
}

@InProceedings{mlab/takiguchi11:wakeup_in,
  author = 	 {瀧口 貴啓 and 石田 繁巳 and 岸 孝彦 and 丹羽 栄二 and 見並 一明 and 猿渡 俊介 and 森川 博之},
  title = 	 {ウェイクアップ型無線通信におけるビット不一致許容{ID}マッチング},
  OPTcrossref =  {},
  OPTkey = 	 {},
  booktitle =	 IEICEJ_T,
  pages = 	 {193--198},
  year = 	 {2011},
  OPTeditor = 	 {},
  OPTvolume = 	 {110},
  OPTnumber = 	 {449},
  OPTseries = 	 {},
  OPTaddress = 	 {},
  month = 	 mar,
  OPTorganization = {},
  publisher =	 IEICEJ_T_IN # "（IN2010-176）",
  OPTnote = 	 {},
  OPTannote = 	 {}
}

@InProceedings{mlab/ishida11:mixer_sotai,
  author = 	 {石田 繁巳 and 鈴木 誠 and 森川 博之},
  title = 	 {サブスレッショルド特性を利用するウェイクアップ受信機用ミキサの初期的検討},
  OPTcrossref =  {},
  OPTkey = 	 {},
  booktitle =	 IEICEJ_SO,
  pages = 	 {1},
  year = 	 {2011},
  OPTeditor = 	 {},
  OPTvolume = 	 {},
  OPTnumber = 	 {},
  OPTseries = 	 {},
  OPTaddress = 	 {},
  month = 	 sep,
  OPTorganization = {},
  publisher =	 {C-12-16},
  OPTnote = 	 {},
  OPTannote = 	 {}
}

@InProceedings{mlab/kim11:spectrum_sotai,
  author = 	 {金 昊俊 and 長縄 潤一 and 石田 繁巳 and 鈴木 誠 and 森川 博之},
  title = 	 {可変{RBW}を用いた周波数占有率の測定精度の初期的評価},
  OPTcrossref =  {},
  OPTkey = 	 {},
  booktitle =	 IEICEJ_SO,
  pages = 	 {1},
  year = 	 {2011},
  OPTeditor = 	 {},
  OPTvolume = 	 {},
  OPTnumber = 	 {},
  OPTseries = 	 {},
  OPTaddress = 	 {},
  month = 	 sep,
  OPTorganization = {},
  publisher =	 {B-17-8},
  OPTnote = 	 {},
  OPTannote = 	 {}
}

@InProceedings{mlab/nakamura11:co2_visual_sotai,
  author = 	 {中村 元紀 and 中村 隆幸 and 荒川 豊 and 東島由佳 and 柏木 啓一郎 and 森 皓平 and 松村 一 and 石田 繁巳 and 猿渡 俊介 and 翁長 久 and 森川 博之},
  title = 	 {{uTupleSpace}を利用した$\mathrm{CO_2}$排出量可視化の実証実験},
  OPTcrossref =  {},
  OPTkey = 	 {},
  booktitle =	 IEICEJ_SO,
  pages = 	 {1},
  year = 	 {2011},
  OPTeditor = 	 {},
  OPTvolume = 	 {},
  OPTnumber = 	 {},
  OPTseries = 	 {},
  OPTaddress = 	 {},
  month = 	 sep,
  OPTorganization = {},
  publisher =	 {B-19-21},
  OPTnote = 	 {},
  OPTannote = 	 {}
}

@Article{mlab/ishida11:wake-up_ieice_trans,
  author = 	 {石田 繁巳 and 瀧口 貴啓 and 猿渡 俊介 and 南 正輝 and 森川 博之},
  title = 	 {ブルームフィルタを用いたウェイクアップ型通信システム},
  journal = 	 IEICEJ_J_B,
  year = 	 {2011},
  OPTkey = 	 {},
  volume = 	 {J94-B},
  number = 	 {10},
  pages = 	 {1397--1407},
  month = 	 oct,
  OPTnote = 	 {},
  OPTannote = 	 {}
}

@InProceedings{mlab/mori12:utuple_usn,
  author = 	 {森 皓平 and 中村 隆幸 and 柏木 啓一郎 and 荒川 豊 and 中村 元紀 and 松村 一 and 東島 由佳 and 石田 繁巳 and 猿渡 俊介 and 翁長 久 and 森川 博之},
  title = 	 {{uTupleSpace}を用いたセンサ利用サービスの開発を支援する「実世界開発スタジオ」の提案と評価},
  OPTcrossref =  {},
  OPTkey = 	 {},
  booktitle =	 IEICEJ_T,
  pages = 	 {1--6},
  year = 	 {2012},
  OPTeditor = 	 {},
  OPTvolume = 	 {},
  OPTnumber = 	 {},
  OPTseries = 	 {},
  OPTaddress = 	 {},
  month = 	 jan,
  OPTorganization = {},
  publisher =	 IEICEJ_T_USN # "（USN2011-72）",
  OPTnote = 	 {},
  OPTannote = 	 {}
}

@InProceedings{mlab/nakajima12:spfc_sogo,
  author = 	 {中嶋 毅彰 and 米川 慧 and 石田 繁巳 and 鈴木 誠 and 森川 博之},
  title = 	 {多様なサービス電力の発見・割当て・制御機構},
  OPTcrossref =  {},
  OPTkey = 	 {},
  booktitle =	 IEICEJ_ST,
  pages = 	 {1},
  year = 	 {2012},
  OPTeditor = 	 {},
  OPTvolume = 	 {},
  OPTnumber = 	 {},
  OPTseries = 	 {},
  OPTaddress = 	 {},
  month = 	 mar,
  OPTorganization = {},
  publisher =	 {BS-4-2},
  OPTnote = 	 {},
  OPTannote = 	 {}
}

@InProceedings{mlab/ishida12:mds_wake_its,
  author = 	 {石田 繁巳 and 猿渡 俊介 and 森川 博之},
  title = 	 {ワイヤレスハーネスのための2進{MDS-ID}マッチング型ウェイクアップ通信の評価},
  OPTcrossref =  {},
  OPTkey = 	 {},
  booktitle =	 IPSJJ_T_,
  pages = 	 {1--8},
  year = 	 {2012},
  OPTeditor = 	 {},
  OPTvolume = 	 {2012-ITS-49},
  OPTnumber = 	 {3},
  OPTseries = 	 {},
  OPTaddress = 	 {},
  month = 	 jun,
  OPTorganization = {},
  publisher =	 IPSJJ_T_ITS # "（ITS49-3）",
  OPTnote = 	 {（優秀論文賞）},
  OPTannote = 	 {}
}

@InProceedings{mlab/okui12:sensys_demo,
  author = 	 {Okui, Hiroki and Suzuki, Makoto and Lee, Doohwan and Ishida, Shigemi and Morikawa, Hiroyuki},
  title = 	 {Preambleless {TDD/TDMA} {OFDM} System for Real-Time Wireless Control Networks},
  OPTcrossref =  {},
  OPTkey = 	 {},
  booktitle =	 ACM_D_SENSYS,
  pages = 	 {369--370},
  year = 	 {2012},
  OPTeditor = 	 {},
  OPTvolume = 	 {},
  OPTnumber = 	 {},
  OPTseries = 	 {},
  OPTaddress = 	 {Toronto, Canada},
  month = 	 nov,
  OPTorganization = {},
  OPTpublisher = {},
  OPTnote = 	 {},
  OPTannote = 	 {}
}

@InProceedings{mlab/kyone12:icrera,
  author = 	 {Yonekawa, Kei and Ishida, Shigemi and Suzuki, Makoto and Morikawa, Hiroyuki},
  title = 	 {The Design and Implementation of Power Service Discovery System in Distributed Generation Environment},
  OPTcrossref =  {},
  OPTkey = 	 {},
  booktitle =	 MISC_P_ICRERA,
  pages = 	 {1--6},
  year = 	 {2012},
  OPTeditor = 	 {},
  OPTvolume = 	 {},
  OPTnumber = 	 {},
  OPTseries = 	 {},
  OPTaddress = 	 {Nagasaki, Japan},
  month = 	 nov,
  OPTorganization = {},
  OPTpublisher = {},
  OPTnote = 	 {},
  OPTannote = 	 {}
}

@InProceedings{mlab/okui13:rrrc,
  author = 	 {奥井 寛樹 and 石田 繁巳 and 鈴木 誠 and 森川 博之},
  title = 	 {制御用無線ネットワーク向け高信頼低遅延{OFDM}システムの評価},
  OPTcrossref =  {},
  OPTkey = 	 {},
  booktitle =	 IEICEJ_T,
  pages = 	 {1--6},
  year = 	 {2013},
  OPTeditor = 	 {},
  OPTvolume = 	 {},
  OPTnumber = 	 {},
  OPTseries = 	 {},
  OPTaddress = 	 {},
  month = 	 jan,
  OPTorganization = {},
  publisher =	 IEICEJ_T_RRRC # "（RRRC2012-24）",
  OPTnote = 	 {},
  OPTannote = 	 {},
  OPTnote = 	 {},
  OPTannote = 	 {}
}

@InProceedings{mlab/okui13:sogo,
  author = 	 {奥井 寛樹 and 鈴木 誠 and 石田 繁巳 and 森川 博之},
  title = 	 {プリアンブルレス{OFDM}における位相オフセット補正に関する検討},
  OPTcrossref =  {},
  OPTkey = 	 {},
  booktitle =	 IEICEJ_ST,
  pages = 	 {1},
  year = 	 {2013},
  OPTeditor = 	 {},
  OPTvolume = 	 {},
  OPTnumber = 	 {},
  OPTseries = 	 {},
  OPTaddress = 	 {},
  month = 	 mar,
  OPTorganization = {},
  publisher =	 {B-5-137},
  OPTnote = 	 {},
  OPTannote = 	 {}
}

@InProceedings{mlab/david13:sogo,
  author = 	 {Gonzalez, David and Lee, Doohwan and Ishida, Shigemi and Suzuki, Makoto and Morikawa, Hiroyuki},
  title = 	 {Alleviating the Bias of Distantly Supervised Sentiment Classification},
  OPTcrossref =  {},
  OPTkey = 	 {},
  booktitle =	 IEICEJ_ST,
  pages = 	 {1},
  year = 	 {2013},
  OPTeditor = 	 {},
  OPTvolume = 	 {},
  OPTnumber = 	 {},
  OPTseries = 	 {},
  OPTaddress = 	 {},
  month = 	 mar,
  OPTorganization = {},
  publisher =	 {B-7-46},
  OPTnote = 	 {},
  OPTannote = 	 {}
}

@Article{mlab/ishida13:wake-up_ieice_trans,
  author = 	 {石田 繁巳 and 瀧口 貴啓 and 猿渡 俊介 and 森川 博之},
  title = 	 {ワイヤレスハーネスのための2進{MDS-ID}マッチング型ウェイクアップ通信},
  journal = 	 IEICEJ_J_B,
  year = 	 {2013},
  OPTkey = 	 {},
  volume = 	 {J96-B},
  number = 	 {6},
  pages = 	 {615--630},
  month = 	 jun,
  OPTnote = 	 {},
  OPTannote = 	 {}
}

@InProceedings{mlab/liujinzhi13:ipsn_poster,
  author = 	 {Liu, Jinzhi and Suzuki, Makoto and Lee, Doohwan and Ishida, Shigemi and Morikawa, Hiroyuki},
  title = 	 {Poster Abstract: High Throughput Data Collection with Topology Adaptability in Wireless Sensor Network},
  OPTcrossref =  {},
  OPTkey = 	 {},
  booktitle =	 ACM_DP_IPSN,
  pages = 	 {1--2},
  year = 	 {2013},
  OPTeditor = 	 {},
  OPTvolume = 	 {},
  OPTnumber = 	 {},
  OPTseries = 	 {},
  OPTaddress = 	 {Philadelphia, PA, USA},
  month = 	 apr,
  OPTorganization = {},
  OPTpublisher = {},
  OPTnote = 	 {},
  OPTannote = 	 {}
}

@InProceedings{flab/izumi14:mona,
  author = 	 {和泉 晃 and 石田 繁巳 and 田頭 茂明 and 荒川 豊 and 福田 晃},
  title = 	 {アドホック測位ネットワークにおけるアプリケーションレス測位手法},
  OPTcrossref =  {},
  OPTkey = 	 {},
  booktitle =	 IEICEJ_T,
  pages = 	 {1--6},
  year = 	 {2014},
  OPTeditor = 	 {},
  OPTvolume = 	 {},
  OPTnumber = 	 {},
  OPTseries = 	 {},
  OPTaddress = 	 {},
  month = 	 jan,
  OPTorganization = {},
  publisher =	 IEICEJ_T_MONA # "（MoNA2013-69）",
  OPTnote = 	 {},
  OPTannote = 	 {},
  OPTnote = 	 {},
  OPTannote = 	 {}
}

@InProceedings{flab/takashima14:awpn_sogo,
  author = 	 {高嶋 瑶子 and 石田 繁巳 and 和泉 晃 and 田頭 茂明 and 荒川 豊 and 福田 晃},
  title = 	 {アドホック測位ネットワークにおける接続端末分散手法の初期的評価},
  OPTcrossref =  {},
  OPTkey = 	 {},
  booktitle =	 IEICEJ_ST,
  pages = 	 {1},
  year = 	 {2014},
  OPTeditor = 	 {},
  OPTvolume = 	 {},
  OPTnumber = 	 {},
  OPTseries = 	 {},
  OPTaddress = 	 {},
  month = 	 mar,
  OPTorganization = {},
  publisher =	 {B-15-4},
  OPTnote = 	 {},
  OPTannote = 	 {}
}

@InProceedings{flab/sonoda14:snfc_exp,
  author = 	 {園田 侑輝 and 中野 達彦 and 冨重 晃季 and 伊藤 晶 and 荒川 豊 and 田頭 茂明 and 石田 繁巳 and 福田 晃},
  title = 	 {スマート無線タグ{SNFC}を用いた位置に応じた情報提供システムの実証実験報告},
  OPTcrossref =  {},
  OPTkey = 	 {},
  booktitle =	 IEICEJ_T,
  pages = 	 {1--6},
  year = 	 {2014},
  OPTeditor = 	 {},
  OPTvolume = 	 {},
  OPTnumber = 	 {},
  OPTseries = 	 {},
  OPTaddress = 	 {},
  month = 	 mar,
  OPTorganization = {},
  publisher =	 IEICEJ_T_NS # "（NS2013-220）",
  OPTnote = 	 {},
  OPTannote = 	 {}
}

@Unpublished{flab/ishida14:coi_awpn,
  author = 	 {石田 繁巳},
  title = 	 {無線{LAN}を用いた屋内向け位置情報{Web}サービス},
  note = 	 {共進化社会システム創成拠点フォーラム, 口頭発表},
  OPTkey = 	 {},
  month = 	 mar,
  year = 	 {2014},
  OPTaddress =	 {},
  OPTannote = 	 {}
}

@InProceedings{flab/takashima14:asn_poster,
  author = 	 {高嶋 瑶子 and 石田 繁巳 and 田頭 茂明 and 福田 晃},
  title = 	 {アドホック測位ネットワークにおける接続端末分散手法の評価},
  OPTcrossref =  {},
  OPTkey = 	 {},
  booktitle =	 IEICEJ_T,
  pages = 	 {1--6},
  year = 	 {2014},
  OPTeditor = 	 {},
  OPTvolume = 	 {},
  OPTnumber = 	 {},
  OPTseries = 	 {},
  OPTaddress = 	 {},
  month = 	 may,
  OPTorganization = {},
  publisher =	 IEICEJ_T_ASN # "（ASN2014-29）",
  OPTnote = 	 {},
  OPTannote = 	 {}
}

@InProceedings{flab/hosoai14:iot_pbl,
  author = 	 {細合 晋太郎 and 石田 繁巳 and 亀井 靖高 and 大迫 周平 and 井垣 宏 and 鵜林 尚靖 and 福田 晃},
  title = 	 {{IoT}システムを題材とした{PBL}の導入提案},
  OPTcrossref =  {},
  OPTkey = 	 {},
  booktitle =	 IPSJJ_T_,
  pages = 	 {1--6},
  year = 	 {2014},
  OPTeditor = 	 {},
  OPTvolume = 	 {},
  OPTnumber = 	 {},
  OPTseries = 	 {},
  OPTaddress = 	 {},
  month = 	 jul,
  OPTorganization = {},
  publisher =	 IPSJJ_T_SE # "（2014-SE-185-7）",
  OPTnote = 	 {},
  OPTannote = 	 {}
}

@InProceedings{flab/hosoai14:iot_pbl_analy,
  author = 	 {細合 晋太郎 and 石田 繁巳 and 亀井 靖高 and 大迫 周平 and 井垣 宏 and 鵜林 尚靖 and 福田 晃},
  title = 	 {{IoT}を題材とした{PBL}の実施と分析},
  OPTcrossref =  {},
  OPTkey = 	 {},
  booktitle =	 MISCJ_JSSST # " 第31回大会",
  pages = 	 {1--8},
  year = 	 {2014},
  OPTeditor = 	 {},
  OPTvolume = 	 {},
  OPTnumber = 	 {},
  OPTseries = 	 {},
  OPTaddress = 	 {},
  month = 	 sep,
  OPTorganization = {},
  publisher =	 {rePiT1-3},
  OPTnote = 	 {},
  OPTannote = 	 {}
}

@InProceedings{flab/ohsako14:pbl_analy,
  author = 	 {大迫 周平 and 孔 維強 and 亀井 靖高 and 細合 晋太郎 and 石田 繁巳 and 鵜林 尚靖 and 福田 晃},
  title = 	 {テキストマイニングによる{PBL}発表会評価アンケート傾向分析},
  OPTcrossref =  {},
  OPTkey = 	 {},
  booktitle =	 MISCJ_JSSST # " 第31回大会",
  pages = 	 {1--8},
  year = 	 {2014},
  OPTeditor = 	 {},
  OPTvolume = 	 {},
  OPTnumber = 	 {},
  OPTseries = 	 {},
  OPTaddress = 	 {},
  month = 	 sep,
  OPTorganization = {},
  publisher =	 {rePiT4-2},
  OPTnote = 	 {},
  OPTannote = 	 {}
}

@InProceedings{flab/tomishige14:prob-req_sotai,
  author = 	 {富重 晃季 and 石田 繁巳 and 田頭 茂明 and 福田 晃},
  title = 	 {{WiFi}端末の探索要求間隔を利用した混雑度推定に向けた初期的実験},
  OPTcrossref =  {},
  OPTkey = 	 {},
  booktitle =	 IEICEJ_SO,
  pages = 	 {1},
  year = 	 {2014},
  OPTeditor = 	 {},
  OPTvolume = 	 {},
  OPTnumber = 	 {},
  OPTseries = 	 {},
  OPTaddress = 	 {},
  month = 	 sep,
  OPTorganization = {},
  publisher =	 {B-18-24},
  OPTnote = 	 {},
  OPTannote = 	 {}
}

@InProceedings{flab/ishida14:ism-pwm_sotai,
  author = 	 {石田 繁巳 and 福田 晃},
  title = 	 {{ISM}バンドでの{PWM}通信に向けた直接スペクトラム拡散に関する一検討},
  OPTcrossref =  {},
  OPTkey = 	 {},
  booktitle =	 IEICEJ_SO,
  pages = 	 {1},
  year = 	 {2014},
  OPTeditor = 	 {},
  OPTvolume = 	 {},
  OPTnumber = 	 {},
  OPTseries = 	 {},
  OPTaddress = 	 {},
  month = 	 sep,
  OPTorganization = {},
  publisher =	 {B-18-39},
  OPTnote = 	 {},
  OPTannote = 	 {}
}

@InProceedings{flab/ishida14:awpn_uic,
  author = 	 {Ishida, Shigemi and Tomishige, Koki and Izumi, Akira and Tagashira, Shigeaki and Arakawa, Yutaka and Fukuda,  Akira},
  title = 	 {Implementation of On-Demand Indoor Location-based Service using Ad-Hoc Wireless Positioning Network},
  OPTcrossref =  {},
  OPTkey = 	 {},
  booktitle =	 IEEE_P_UIC,
  pages = 	 {34--41},
  year = 	 {2014},
  OPTeditor = 	 {},
  OPTvolume = 	 {},
  OPTnumber = 	 {},
  OPTseries = 	 {},
  OPTaddress = 	 {Bali, Indonesia},
  month = 	 dec,
  OPTorganization = {},
  OPTpublisher = {UIC-116},
  OPTnote = 	 {},
  OPTannote = 	 {}
}

@InProceedings{flab/ohsako14:pbl_sigse,
  author = 	 {大迫 周平 and 亀井 靖高 and 細合 晋太郎 and 石田 繁巳 and 鵜林 尚靖 and 福田 晃},
  title = 	 {テキストマイニングを用いた価値創造教育カリキュラムの効果分析},
  OPTcrossref =  {},
  OPTkey = 	 {},
  booktitle =	 IPSJJ_T_,
  pages = 	 {1--8},
  year = 	 {2014},
  OPTeditor = 	 {},
  OPTvolume = 	 {},
  OPTnumber = 	 {},
  OPTseries = 	 {},
  OPTaddress = 	 {},
  month = 	 nov,
  OPTorganization = {},
  publisher =	 IPSJJ_T_SE # "（2014-SE-186-8）",
  OPTnote = 	 {},
  OPTannote = 	 {}
}

@InProceedings{flab/ishida15:asn_cpsloc,
  author = 	 {石田 繁巳 and 田頭 茂明 and 福田 晃},
  title = 	 {オンデマンド位置情報システムに向けた分散測位システムの通信量評価},
  OPTcrossref =  {},
  OPTkey = 	 {},
  booktitle =	 IEICEJ_T,
  pages = 	 {169--174},
  year = 	 {2015},
  OPTeditor = 	 {},
  OPTvolume = 	 {114},
  OPTnumber = 	 {418},
  OPTseries = 	 {},
  OPTaddress = 	 {},
  month = 	 jan,
  OPTorganization = {},
  publisher =	 IEICEJ_T_ASN # "（ASN2014-141）",
  OPTnote = 	 {},
  OPTannote = 	 {}
}

@InProceedings{flab/tomishige15:hotmobile_demo,
  author = 	 {Tomishige, Koki and Ishida, Shigemi and Tagashira, Shigeaki and Fukuda, Akira},
  title = 	 {Toward sensor localization using {WiFi-AP} anchors: realtime {AP-RSS} monitoring using sensor nodes},
  OPTcrossref =  {},
  OPTkey = 	 {},
  booktitle =	 ACM_D_HOTMOBILE,
  pages = 	 {1},
  year = 	 {2015},
  OPTeditor = 	 {},
  OPTvolume = 	 {},
  OPTnumber = 	 {},
  OPTseries = 	 {},
  OPTaddress = 	 {Santa Fe, NM},
  month = 	 feb,
  OPTorganization = {},
  OPTpublisher = {},
  OPTnote = 	 {},
  OPTannote = 	 {}
}

@InProceedings{flab/tomishige15:zigloc_in,
  author = 	 {富重 晃季 and 石田 繁巳 and 田頭 茂明 and 福田 晃},
  title = 	 {無線{LAN} {AP}を用いたセンサノードの測位に向けた電波減衰モデル構築実験},
  OPTcrossref =  {},
  OPTkey = 	 {},
  booktitle =	 IEICEJ_T,
  pages = 	 {1--6},
  year = 	 {2015},
  OPTeditor = 	 {},
  OPTvolume = 	 {},
  OPTnumber = 	 {},
  OPTseries = 	 {},
  OPTaddress = 	 {},
  month =	 mar,
  OPTorganization = {},
  publisher =	 IEICEJ_T_IN # "（IN2014-147）",
  OPTnote = 	 {},
  OPTannote = 	 {}
}

@InProceedings{flab/saeki15:aacts_in,
  author = 	 {佐伯 良光 and 石田 繁巳 and 田頭 茂明 and 福田 晃},
  title = 	 {{WLAN}と{ZigBee}の共存に向けた{AP}-Assisted {CTS}-Blockingの評価},
  OPTcrossref =  {},
  OPTkey = 	 {},
  booktitle =	 IEICEJ_T,
  pages = 	 {1--6},
  year = 	 {2015},
  OPTeditor = 	 {},
  OPTvolume = 	 {},
  OPTnumber = 	 {},
  OPTseries = 	 {},
  OPTaddress = 	 {},
  month =	 mar,
  OPTorganization = {},
  publisher =	 IEICEJ_T_IN # "（IN2014-154）",
  OPTnote = 	 {},
  OPTannote = 	 {}
}

@InProceedings{flab/saeki15:aacts_sogo,
  author = 	 {佐伯 良光 and 石田 繁巳 and 田頭 茂明 and 福田 晃},
  title = 	 {{WLAN}と{ZigBee}の共存に向けた{AP}-Assisted {CTS}-Blockingの初期的評価},
  OPTcrossref =  {},
  OPTkey = 	 {},
  booktitle =	 IEICEJ_ST,
  pages = 	 {1},
  year = 	 {2015},
  OPTeditor = 	 {},
  OPTvolume = 	 {},
  OPTnumber = 	 {},
  OPTseries = 	 {},
  OPTaddress = 	 {},
  month = 	 mar,
  OPTorganization = {},
  publisher =	 {B-15-4},
  OPTnote = 	 {},
  OPTannote = 	 {}
}

@Unpublished{flab/ishida15:cps,
  author = 	 {石田 繁巳},
  title = 	 {無線{LAN} {AP}を使ったセンサノード測位: Work in Progress},
  note = 	 {CPS-IIP研究会, 口頭発表},
  OPTkey = 	 {},
  month = 	 feb,
  year = 	 {2015},
  OPTaddress =	 {},
  OPTannote = 	 {}
}

@InProceedings{flab/kousaku15:dicomo,
  author = 	 {泉 幸作 and 石田 繁巳 and 田頭 茂明 and 福田 晃},
  title = 	 {{WiFi} {AP}を用いたセンサノード測位に向けた{RSS}観測手法},
  OPTcrossref =  {},
  OPTkey = 	 {},
  booktitle =	 IPSJJ_P_DICOMO,
  year = 	 {2015},
  OPTeditor = 	 {},
  OPTvolume = 	 {},
  OPTnumber = 	 {},
  OPTseries = 	 {},
  pages = 	 {843--848},
  month = 	 jul,
  OPTaddress = 	 {},
  OPTorganization = {},
  OPTpublisher = {},
  OPTnote = 	 {（優秀論文賞）},
  OPTannote = 	 {}
}

@InProceedings{flab/ishida15:icess,
  author = 	 {Ishida, Shigemi and Tagashira, Shigeaki and Arakawa, Yutaka and Fukuda, Akira},
  title = 	 {On-Demand Indoor Location-based Service using Ad-Hoc Wireless Positioning Network},
  OPTcrossref =  {},
  OPTkey = 	 {},
  booktitle =	 IEEE_P_ICESS,
  year = 	 {2015},
  OPTeditor = 	 {},
  OPTvolume = 	 {},
  OPTnumber = 	 {},
  OPTseries = 	 {},
  pages = 	 {1005--1013},
  month = 	 aug,
  OPTaddress = 	 {New York, NY},
  OPTorganization = {},
  OPTpublisher = {},
  OPTnote = 	 {},
  OPTannote = 	 {}
}

@InProceedings{flab/furusho15:esa,
  author = 	 {Furusho, Hiroki and Hisazumi, Kenji and Kamiyama, Takeshi and Inamura, Hiroshi and Ishida, Shigemi and Fukuda, Akira},
  title = 	 {A Visualization Method of Inter-Module Communications for Profiling Energy Consumption of Android Applications},
  OPTcrossref =  {},
  OPTkey = 	 {},
  booktitle =	 MISC_P_ESA,
  year = 	 {2015},
  OPTeditor = 	 {},
  OPTvolume = 	 {},
  OPTnumber = 	 {},
  OPTseries = 	 {},
  pages = 	 {71--75},
  month = 	 jul,
  OPTaddress = 	 {Las Vegas, NV},
  OPTorganization = {},
  OPTpublisher = {},
  OPTnote = 	 {},
  OPTannote = 	 {}
}

@InProceedings{flab/ishida15:vtc-fall,
  author = 	 {Ishida, Shigemi and Izumi, Kousaku and Tagashira, Shigeaki and Fukuda, Akira},
  title = 	 {{WiFi} {AP}-{RSS} Monitoring using Sensor Nodes toward Anchor-Free Sensor Localization},
  OPTcrossref =  {},
  OPTkey = 	 {},
  booktitle =	 IEEE_P_VTC # " (VTC-Fall)",
  year = 	 {2015},
  OPTeditor = 	 {},
  OPTvolume = 	 {},
  OPTnumber = 	 {},
  OPTseries = 	 {},
  pages = 	 {1--5},
  month = 	 sep,
  OPTaddress = 	 {Boston, MA},
  OPTorganization = {},
  OPTpublisher = {},
  OPTnote = 	 {},
  OPTannote = 	 {}
}

@InProceedings{flab/hatayama15:tencon,
  author = 	 {Hatayama, Kazuki and Hisazumi, Kenji and Yoshise, Kana and Ishida, Shigemi and Fukuda, Akira},
  title = 	 {Design of {GUI}-Component Energy Profiler for Android Applications},
  OPTcrossref =  {},
  OPTkey = 	 {},
  booktitle =	 IEEE_P_TENCON,
  year = 	 {2015},
  OPTeditor = 	 {},
  OPTvolume = 	 {},
  OPTnumber = 	 {},
  OPTseries = 	 {},
  pages = 	 {1--4},
  month = 	 nov,
  OPTaddress = 	 {Macau},
  OPTorganization = {},
  OPTpublisher = {},
  OPTnote = 	 {},
  OPTannote = 	 {}
}

@InProceedings{flab/kousaku15:candar,
  author = 	 {Izumi, Kousaku and Ishida, Shigemi and Tagashira, Shigeaki and Fukuda, Akira},
  title = 	 {Design of {WiFi} {AP}-{RSS} Monitoring System using Sensor Nodes},
  OPTcrossref =  {},
  OPTkey = 	 {},
  booktitle =	 IPSJ_P_CANDAR,
  year = 	 {2015},
  OPTeditor = 	 {},
  OPTvolume = 	 {},
  OPTnumber = 	 {},
  OPTseries = 	 {},
  pages = 	 {115-121},
  month = 	 dec,
  OPTaddress = 	 {Sapporo, Japan},
  OPTorganization = {},
  OPTpublisher = {},
  OPTnote = 	 {},
  OPTannote = 	 {}
}

@InProceedings{flab/ishida15:candar,
  author = 	 {Ishida, Shigemi and Tagashira, Shigeaki and Fukuda, Akira},
  title = 	 {{AP}-Assisted {CTS}-Blocking for {WiFi}-{ZigBee} Coexistence},
  OPTcrossref =  {},
  OPTkey = 	 {},
  booktitle =	 IPSJ_P_CANDAR,
  year = 	 {2015},
  OPTeditor = 	 {},
  OPTvolume = 	 {},
  OPTnumber = 	 {},
  OPTseries = 	 {},
  pages = 	 {110--114},
  month = 	 dec,
  OPTaddress = 	 {Sapporo, Japan},
  OPTorganization = {},
  OPTpublisher = {},
  OPTnote = 	 {},
  OPTannote = 	 {}
}

@InProceedings{flab/hosoai15:iot_pbl_ess,
  author = 	 {細合 晋太郎 and 石田 繁巳 and 亀井 靖高 and 鵜林 尚靖 and 福田 晃},
  title = 	 {自律走行ロボットを用いた{IoT}開発{PBL}に向けた教材開発},
  OPTcrossref =  {},
  OPTkey = 	 {},
  booktitle =	 IPSJJ_P_ESS,
  year = 	 {2015},
  OPTeditor = 	 {},
  OPTvolume = 	 {},
  OPTnumber = 	 {},
  OPTseries = 	 {},
  pages = 	 {40--45},
  month = 	 oct,
  OPTaddress = 	 {},
  OPTorganization = {},
  OPTpublisher = {},
  OPTnote = 	 {},
  OPTannote = 	 {}
}

@Unpublished{flab/hashimoto15:singapore,
  author = 	 {Hashimoto, Naoyu and Izumi, Kousaku and Ishida, Shigemi and Tagashira, Shigeaki and Fukuda, Akira},
  title = 	 {Proposal of Coarse Localization Method for Anchor-free Sensor Localization using {WiFi} {APs}},
  note = 	 {Singapore-Japan Joint Workshop on Ambient Intelligence and Sensor Networks, oral presentation},
  OPTkey = 	 {},
  month = 	 dec,
  year = 	 {2015},
  OPTaddress =	 {Singapore},
  OPTannote = 	 {}
}

@Unpublished{flab/kousaku15:singapore,
  author = 	 {Izumi, Kousaku and Ishida, Shigemi and Tagashira, Shigeaki and Fukuda, Akira},
  title = 	 {Proposal of Instant Sensor Localization System using {WiFi} {APs}},
  note = 	 {Singapore-Japan Joint Workshop on Ambient Intelligence and Sensor Networks, oral presentation},
  OPTkey = 	 {},
  month = 	 dec,
  year = 	 {2015},
  OPTaddress =	 {Singapore},
  OPTannote = 	 {}
}

@Unpublished{flab/mimura15:singapore,
  author = 	 {Mimura, Kohei and Liu, Song and Ishida, Shigemi and Tagashira, Shigeaki and Fukuda, Akira},
  title = 	 {Proposal of Simple and Accurate Vehicle Counting System using Road-side Microphone Array},
  note = 	 {Singapore-Japan Joint Workshop on Ambient Intelligence and Sensor Networks, oral presentation},
  OPTkey = 	 {},
  month = 	 dec,
  year = 	 {2015},
  OPTaddress =	 {Singapore},
  OPTannote = 	 {}
}

@InProceedings{flab/ryu16:its_sogo,
  author = 	 {Liu, Song and Ishida, Shigemi and Mimura, Kohei and Tagashira, Shigeaki and Fukuda, Akira},
  title = 	 {Initial Evaluation of Acoustic Vehicle Count System utilizing Dynamic Time Warping},
  OPTcrossref =  {},
  OPTkey = 	 {},
  booktitle =	 IEICEJ_ST,
  year = 	 {2016},
  OPTeditor = 	 {},
  OPTvolume = 	 {},
  OPTnumber = 	 {},
  OPTseries = 	 {},
  pages = 	 {1--2},
  month = 	 mar,
  OPTaddress = 	 {},
  OPTorganization = {},
  publisher =	 {BS-3-44},
  OPTnote = 	 {},
  OPTannote = 	 {}
}

@InProceedings{flab/ryu16:its_sogo_en,
  author = 	 {Liu, Song and Ishida, Shigemi and Mimura, Kohei and Tagashira, Shigeaki and Fukuda, Akira},
  title = 	 {Initial Evaluation of Acoustic Vehicle Count System utilizing Dynamic Time Warping},
  OPTcrossref =  {},
  OPTkey = 	 {},
  booktitle =	 IEICEJ_ST_E,
  year = 	 {2016},
  OPTeditor = 	 {},
  OPTvolume = 	 {},
  OPTnumber = 	 {},
  OPTseries = 	 {},
  pages = 	 {1--2},
  month = 	 mar,
  OPTaddress = 	 {},
  OPTorganization = {},
  publisher =	 {BS-3-44},
  OPTnote = 	 {},
  OPTannote = 	 {}
}

@InProceedings{flab/mimura16:its_asn,
  author = 	 {三村 晃平 and 劉 嵩 and 石田 繁巳 and 田頭 茂明 and 福田 晃},
  title = 	 {路側設置マイクロフォンを用いた車両カウントシステムの設計と初期的評価},
  OPTcrossref =  {},
  OPTkey = 	 {},
  booktitle =	 IEICEJ_T,
  year = 	 {2016},
  OPTeditor = 	 {},
  OPTvolume = 	 {115},
  OPTnumber = 	 {437},
  OPTseries = 	 {},
  pages = 	 {111--116},
  month = 	 jan,
  OPTaddress = 	 {},
  OPTorganization = {},
  publisher =	 IEICEJ_T_ASN # "（ASN2015-98）",
  OPTnote = 	 {},
  OPTannote = 	 {}
}

@InProceedings{flab/ishida16:dtw_ipsj_its,
  author = 	 {石田 繁巳 and 三村 晃平 and 劉 嵩 and 田頭 茂明 and 福田 晃},
  title = 	 {Dynamic Time Warpingを用いた路側設置マイクロフォンによる車両カウントシステムの設計と初期的評価},
  OPTcrossref =  {},
  OPTkey = 	 {},
  booktitle =	 IPSJJ_T_,
  year = 	 {2016},
  OPTeditor = 	 {},
  OPTvolume = 	 {2016-ITS-64},
  OPTnumber = 	 {6},
  OPTseries = 	 {},
  pages = 	 {1--6},
  month = 	 mar,
  OPTaddress = 	 {},
  OPTorganization = {},
  publisher =	 IPSJJ_T_ITS2 # "（ITS-64-6）",
  OPTnote = 	 {},
  OPTannote = 	 {}
}

@Unpublished{flab/ishida16:smart-mobility-symp,
  author = 	 {石田 繁巳},
  title = 	 {{ITS}に向けた路上センシング},
  note = 	 {持続可能なスマートモビリティ情報基盤プラットフォーム・シンポジウム},
  OPTkey = 	 {},
  month = 	 mar,
  year = 	 {2016},
  OPTaddress =	 {},
  OPTannote = 	 {}
}

@InProceedings{flab/ishida16:its-eu,
  author = 	 {Ishida, Shigemi and Mimura, Kouhei and Liu, Song and Tagashira, Shigeaki and Fukuda, Akira},
  title = 	 {Design of Simple Vehicle Counter using Sidewalk Microphones},
  OPTcrossref =  {},
  OPTkey = 	 {},
  booktitle =	 MISC_P_ITSEUC,
  year = 	 {2016},
  OPTeditor = 	 {},
  OPTvolume = 	 {},
  OPTnumber = 	 {},
  OPTseries = 	 {},
  pages = 	 {1--10},
  month =	 jun,
  OPTaddress = 	 {Glasgow, Scotland},
  OPTorganization = {},
  publisher =	 {EU-TP0042},
  OPTnote = 	 {},
  OPTannote = 	 {}
}

@InProceedings{flab/ishida16:its-world,
  author = 	 {Ishida, Shigemi and Liu, Song and Mimura, Kouhei and Tagashira, Shigeaki and Fukuda, Akira},
  title = 	 {Design of Acoustic Vehicle Count System using {DTW}},
  OPTcrossref =  {},
  OPTkey = 	 {},
  booktitle =	 MISC_P_ITSWC,
  year = 	 {2016},
  OPTeditor = 	 {},
  OPTvolume = 	 {},
  OPTnumber = 	 {},
  OPTseries = 	 {},
  pages = 	 {1--10},
  month = 	 oct,
  OPTaddress = 	 {Melbourne, Australia},
  OPTorganization = {},
  publisher =	 {AP-TP0678},
  OPTnote = 	 {},
  OPTannote = 	 {}
}

@InProceedings{flab/ishida16:dicomo,
  author = 	 {石田 繁巳 and 泉 幸作 and 國廣 陽介 and 田頭 茂明 and 福田 晃},
  title = 	 {{WiFi} {AP}を用いたセンサノード測位に向けた{WiFi}送信チャネル推定手法の設計},
  OPTcrossref =  {},
  OPTkey = 	 {},
  booktitle =	 IPSJJ_P_DICOMO,
  year = 	 {2016},
  OPTeditor = 	 {},
  OPTvolume = 	 {},
  OPTnumber = 	 {},
  OPTseries = 	 {},
  pages = 	 {1741--1747},
  month = 	 jul,
  OPTaddress = 	 {},
  OPTorganization = {},
  OPTpublisher = {},
  OPTnote = 	 {（最優秀論文賞, 優秀プレゼンテーション賞）},
  OPTannote = 	 {}
}

@InProceedings{flab/ishida16:iiai_aai_eskm,
  author = 	 {Ishida, Shigemi and Takashima, Yoko and Tagashira, Shigeaki and Fukuda, Akira},
  title = 	 {Proposal of Separate Channel Fingerprinting Using {Bluetooth} {Low} {Energy}},
  OPTcrossref =  {},
  OPTkey = 	 {},
  booktitle =	 MISC_P_IIAI_AAI_ESKM,
  year = 	 {2016},
  OPTeditor = 	 {},
  OPTvolume = 	 {},
  OPTnumber = 	 {},
  OPTseries = 	 {},
  pages = 	 {230--233},
  month = 	 jul,
  OPTaddress = 	 {Kumamoto, Japan},
  OPTorganization = {},
  OPTpublisher = {},
  OPTnote = 	 {(Honorable mention award)},
  OPTannote = 	 {}
}

@InProceedings{flab/fukuda16:iiai_aai_eskm,
  author = 	 {Fukuda, Akira and Nakanishi, Tsuneo and Kenji, Hisazumi and Tagashira, Shigeaki and Arakawa, Yutaka and Ishida, Shigemi and Mine, Tsunenori and Kaneko, Kunihiko and Furusho, Hiroki and Kong,Weiqiang},
  title = 	 {Towards Sustainable Information Infrastructure Platform for Smart Mobility -- Project Overview},
  OPTcrossref =  {},
  OPTkey = 	 {},
  booktitle =	 MISC_P_IIAI_AAI_ESKM,
  year = 	 {2016},
  OPTeditor = 	 {},
  OPTvolume = 	 {},
  OPTnumber = 	 {},
  OPTseries = 	 {},
  pages = 	 {211--214},
  month = 	 jul,
  OPTaddress = 	 {Kumamoto, Japan},
  OPTorganization = {},
  OPTpublisher = {},
  OPTnote = 	 {},
  OPTannote = 	 {}
}

@InProceedings{flab/wada16:iiai_aai_eskm,
  author = 	 {Wada, Ryoya and Tagashira, Shigeaki and Ogino, Masaki and Ishida, Shigemi and Fukuda Akira},
  title = 	 {A Privacy-Aware User Tracking System Using Footprint Data Measured Across Multiple Pressure Sensor Sheets},
  OPTcrossref =  {},
  OPTkey = 	 {},
  booktitle =	 MISC_P_IIAI_AAI_ESKM,
  year = 	 {2016},
  OPTeditor = 	 {},
  OPTvolume = 	 {},
  OPTnumber = 	 {},
  OPTseries = 	 {},
  pages = 	 {240--243},
  month = 	 jul,
  OPTaddress = 	 {Kumamoto, Japan},
  OPTorganization = {},
  OPTpublisher = {},
  OPTnote = 	 {},
  OPTannote = 	 {}
}

@InProceedings{flab/wada16:ieee_ica_ssmp,
  author = 	 {Wada, Ryoya and Tagashira, Shigeaki and Ogino, Masaki and Ishida, Shigemi and Fukuda Akira},
  title = 	 {A Footprint Matching Method for Walking Users in Privacy-aware User Tracking System Using Presure Sensor Sheets},
  OPTcrossref =  {},
  OPTkey = 	 {},
  booktitle =	 IEEE_P_ICA # ", Workshop of Sustainable Smart Mobility Platform (SSMP)",
  year = 	 {2016},
  OPTeditor = 	 {},
  OPTvolume = 	 {},
  OPTnumber = 	 {},
  OPTseries = 	 {},
  pages = 	 {142--145},
  month = 	 sep,
  OPTaddress = 	 {Shimane, Japan},
  OPTorganization = {},
  OPTpublisher = {},
  OPTnote = 	 {},
  OPTannote = 	 {}
}

@InProceedings{flab/ishida16:zigloc_icmu,
  author = 	 {Ishida, Shigemi and Kunihiro, Yosuke and Izumi, Kousaku and Tagashira, Shigeaki and Fukuda, Akira},
  title = 	 {Design of {WiFi}-{AP} Operating Channel Estimation Scheme for Sensor Node},
  OPTcrossref =  {},
  OPTkey = 	 {},
  booktitle =	 IPSJ_P_ICMU,
  year = 	 {2016},
  OPTeditor = 	 {},
  OPTvolume = 	 {},
  OPTnumber = 	 {},
  OPTseries = 	 {},
  pages = 	 {13--18},
  month = 	 oct,
  OPTaddress = 	 {Kaiserslautern, Germany},
  OPTorganization = {},
  OPTpublisher = {},
  OPTnote = 	 {(Best paper award)},
  OPTannote = 	 {}
}

@InProceedings{flab/wada16:mona,
  author = 	 {和田 瞭也 and 田頭 茂明 and 荻野 正樹 and 石田 繁巳 and 福田 晃},
  title = 	 {プライバシー保護を考慮した足跡によるユーザトラッキングシステムの歩行者に対する性能評価},
  OPTcrossref =  {},
  OPTkey = 	 {},
  booktitle =	 IEICEJ_T,
  year = 	 {2016},
  OPTeditor = 	 {},
  OPTvolume = 	 {116},
  OPTnumber = 	 {171},
  OPTseries = 	 {},
  pages = 	 {65--69},
  month = 	 aug,
  OPTaddress = 	 {},
  OPTorganization = {},
  publisher =	 IEICEJ_T_MONA # "（MoNA2016-19）",
  OPTnote = 	 {},
  OPTannote = 	 {}
}


@InProceedings{flab/ishida16:mona,
  author = 	 {石田 繁巳 and 梶村 順平 and 田頭 茂明 and 福田 晃},
  title = 	 {アドホック測位ネットワークにおけるアドレス変換を用いた負荷分散手法の初期的評価},
  OPTcrossref =  {},
  OPTkey = 	 {},
  booktitle =	 IEICEJ_T,
  year = 	 {2016},
  OPTeditor = 	 {},
  OPTvolume = 	 {},
  OPTnumber = 	 {},
  OPTseries = 	 {},
  pages = 	 {35--40},
  month = 	 aug,
  OPTaddress = 	 {},
  OPTorganization = {},
  publisher =	 IEICEJ_T_MONA # "（MoNA2016-13）",
  OPTnote = 	 {},
  OPTannote = 	 {}
}

@Article{flab/ishida16:ipsjj_its-count,
  author = 	 {石田 繁巳 and 三村 晃平 and 劉 嵩 and 田頭 茂明 and 福田 晃},
  title = 	 {路側設置マイクロフォンによる車両カウントシステム},
  journal = 	 IPSJJ_J,
  year = 	 {2017},
  OPTkey = 	 {},
  volume = 	 {58},
  number = 	 {1},
  pages = 	 {89-98},
  month = 	 jan,
  note = 	 {},
  OPTannote = 	 {}
}

@Article{flab/ishida16:ipsjj_zigloc-ch-est,
  author = 	 {石田 繁巳 and 泉 幸作 and 國廣 陽介 and 田頭 茂明 and 福田 晃},
  title = 	 {{WiFi} {AP}を用いたセンサ測位に向けた{WiFi} {AP}動作チャネル推定手法},
  journal = 	 IPSJJ_J,
  year = 	 {2017},
  OPTkey = 	 {},
  volume = 	 {58},
  number = 	 {1},
  pages = 	 {225--236},
  month = 	 jan,
  OPTnote = 	 {},
  OPTannote = 	 {}
}

@InProceedings{flab/ryu16:e-soundmap-ns,
  author = 	 {Liu, Song and Ishida, Shigemi and Tagashira, Shigeaki and Fukuda, Akira},
  title = 	 {[Encouragement Talk] Enhanced Sound Mapping for Successive Vehicle Detection in Acoustic Vehicle Count System},
  OPTcrossref =  {},
  OPTkey = 	 {},
  booktitle =	 IEICEJ_T_E,
  year = 	 {2016},
  OPTeditor = 	 {},
  OPTvolume = 	 {116},
  OPTnumber = 	 {256},
  OPTseries = 	 {},
  pages = 	 {1--6},
  month = 	 oct,
  OPTaddress = 	 {},
  OPTorganization = {},
  publisher =	 IEICEJ_T_NS_E # "（NS2016-88）",
  OPTnote = 	 {},
  OPTannote = 	 {}
}

@InProceedings{flab/kajimura16:cps-dist_isip,
  author = 	 {Kajimura, Jumpei and Ishida, Shigemi and Tagashira, Shigeaki and Fukuda, Akira},
  title = 	 {Design of Distributed Calculation Scheme using Network Address Translation for Ad-hoc Wireless Positioning Network},
  OPTcrossref =  {},
  OPTkey = 	 {},
  booktitle =	 MISC_P_ISIP,
  year = 	 {2016},
  OPTeditor = 	 {},
  OPTvolume = 	 {},
  OPTnumber = 	 {},
  OPTseries = 	 {},
  pages = 	 {1},
  month = 	 nov,
  OPTaddress = 	 {Lyon, France},
  OPTorganization = {},
  OPTpublisher = {},
  OPTnote = 	 {},
  OPTannote = 	 {}
}

@InProceedings{flab/kousaku17:zigloc_design,
  author = 	 {泉 幸作 and 山本 貴宏 and 石田 繁巳 and 田頭 茂明 and 福田 晃},
  title = 	 {基準ノード不要のセンサ測位システム{ZigLoc}の設計},
  OPTcrossref =  {},
  OPTkey = 	 {},
  booktitle =	 IEICEJ_T,
  year = 	 {2017},
  OPTeditor = 	 {},
  OPTvolume = 	 {116},
  OPTnumber = 	 {508},
  OPTseries = 	 {},
  pages = 	 {275--280},
  month = 	 mar,
  OPTaddress = 	 {},
  OPTorganization = {},
  publisher =	 IEICEJ_T_MONA # "（MoNA2016-44）",
  OPTnote = 	 {},
  OPTannote = 	 {}
}

@InProceedings{flab/ishida17:hotmobile_poster,
  author = 	 {Ishida, Shigemi and Izumi, Kousaku and Yamamoto, Takahiro and Tagashira, Shigeaki and Fukuda, Akira},
  title = 	 {Initial Evaluation of {ZigLoc}: Anchor-Free Sensor Localization System using {WiFi} Fingerprints},
  OPTcrossref =  {},
  OPTkey = 	 {},
  booktitle =	 ACM_PO_HOTMOBILE,
  pages = 	 {1},
  year = 	 {2017},
  OPTeditor = 	 {},
  OPTvolume = 	 {},
  OPTnumber = 	 {},
  OPTseries = 	 {},
  OPTaddress = 	 {Sonoma, CA},
  month = 	 feb,
  OPTorganization = {},
  OPTpublisher = {},
  OPTnote = 	 {},
  OPTannote = 	 {}
}

@InProceedings{flab/yamamoto17:zigswitch_sogo,
  author = 	 {山本 貴宏 and 石田 繁巳 and 田頭 茂明 and 福田 晃},
  title = 	 {{WiFi}干渉回避システム{ZigSwitch}に向けた{ZigBee}チャネル相関性の初期的評価},
  OPTcrossref =  {},
  OPTkey = 	 {},
  booktitle =	 IEICEJ_ST,
  pages = 	 {1},
  year = 	 {2017},
  OPTeditor = 	 {},
  OPTvolume = 	 {},
  OPTnumber = 	 {},
  OPTseries = 	 {},
  OPTaddress = 	 {},
  month = 	 mar,
  OPTorganization = {},
  publisher =	 {B-15-16},
  OPTnote = 	 {},
  OPTannote = 	 {}
}

@InProceedings{flab/ishida17:its_sogo,
  author = 	 {石田 繁巳},
  title = 	 {スマートモビリティのための低コスト車両センシングの実現に向けて},
  OPTcrossref =  {},
  OPTkey = 	 {},
  booktitle =	 IEICEJ_ST,
  pages = 	 {1--3},
  year = 	 {2017},
  OPTeditor = 	 {},
  OPTvolume = 	 {},
  OPTnumber = 	 {},
  OPTseries = 	 {},
  OPTaddress = 	 {},
  month = 	 mar,
  OPTorganization = {},
  publisher =	 {DK-2-5},
  OPTnote = 	 {},
  OPTannote = 	 {}
}

@InProceedings{flab/fukuda17:its_sogo,
  author = 	 {福田 晃 and 峯 恒憲 and 久住 憲嗣 and 石田 繁巳 and 安藤 崇央 and 中西 恒夫 and 古庄 裕貴 and 田頭 茂明 and 荒川 豊 and 金子 邦彦 and 孔 維強 and 李 国強},
  title = 	 {持続可能なスマートモビリティ向け情報基盤プラットフォームに向けて --プロジェクト概要--},
  OPTcrossref =  {},
  OPTkey = 	 {},
  booktitle =	 IEICEJ_ST,
  pages = 	 {1--2},
  year = 	 {2017},
  OPTeditor = 	 {},
  OPTvolume = 	 {},
  OPTnumber = 	 {},
  OPTseries = 	 {},
  OPTaddress = 	 {},
  month = 	 mar,
  OPTorganization = {},
  publisher =	 {DK-2-1},
  OPTnote = 	 {},
  OPTannote = 	 {}
}

@Unpublished{flab/ishida17:awsss,
  author = 	 {Ishida, Shigemi},
  title = 	 {Low-Cost Vehicle Sensing using Stereo Microphone},
  note = 	 {The Asian Workshop on Smart Sensor Systems, oral presentation},
  OPTkey = 	 {},
  month = 	 mar,
  year = 	 {2017},
  OPTaddress =	 {Jeju Island, Korea},
  OPTannote = 	 {}
}

@InProceedings{flab/yamamoto17:dicomo,
  author = 	 {山本 貴宏 and 泉 幸作 and 石田 繁巳 and 田頭 茂明 and 福田 晃},
  title = 	 {センサ測位システム{ZigLoc}の精度向上に向けた差分フィンガープリント法の設計},
  OPTcrossref =  {},
  OPTkey = 	 {},
  booktitle =	 IPSJJ_P_DICOMO,
  year = 	 {2017},
  OPTeditor = 	 {},
  OPTvolume = 	 {},
  OPTnumber = 	 {},
  OPTseries = 	 {},
  pages = 	 {1607--1613},
  month = 	 jun,
  OPTaddress = 	 {},
  OPTorganization = {},
  OPTpublisher = {},
  OPTnote = 	 {},
  OPTannote = 	 {}
}

@InProceedings{flab/kajimura17:cps-dist_isip_post,
  author = 	 {Kajimura, Jumpei and Ishida, Shigemi and Tagashira, Shigeaki and Fukuda, Akira},
  title = 	 {Design of Distributed Calculation Scheme using Network Address Translation for Ad-hoc Wireless Positioning Network},
  OPTcrossref =  {},
  OPTkey = 	 {},
  booktitle =	 MISC_P_ISIP_POST,
  year = 	 {2017},
  OPTeditor = 	 {},
  volume = 	 {760},
  OPTnumber = 	 {},
  OPTseries = 	 {},
  pages = 	 {33--48},
  month = 	 oct,
  OPTaddress = 	 {Lyon, France},
  OPTorganization = {},
  OPTpublisher = {},
  OPTnote = 	 {},
  OPTannote = 	 {}
}

@InProceedings{flab/murakami17:csi_11ac,
  author = 	 {村上友規 and 梅内　誠 and 石田 繁巳 and 福田 晃},
  title = 	 {{IEEE} 802.11acの{CSI}フィードバック機能を利用した高効率{CSI}取得システム},
  OPTcrossref =  {},
  OPTkey = 	 {},
  booktitle =    IEICEJ_T,
  pages = 	 {49--54},
  year = 	 {2017},
  OPTeditor = 	 {},
  OPTvolume = 	 {117},
  OPTnumber = 	 {175},
  OPTseries = 	 {},
  OPTaddress = 	 {},
  month = 	 aug,
  OPTorganization = {},
  publisher =	 IEICEJ_T_RCS # "（RCS2017-151）",
  OPTnote = 	 {},
  OPTannote = 	 {}
}

@InProceedings{flab/tanaka17:ess,
  author = 	 {田中 文也 and 久住 憲嗣 and 石田 繁巳 and 福田 晃},
  title = 	 {モデル駆動開発による消費電力自己適応型ソフトウェアの開発方法論},
  OPTcrossref =  {},
  OPTkey = 	 {},
  booktitle =	 IPSJJ_P_ESS,
  year = 	 {2017},
  OPTeditor = 	 {},
  OPTvolume = 	 {},
  OPTnumber = 	 {},
  OPTseries = 	 {},
  pages = 	 {31--38},
  month = 	 aug,
  OPTaddress = 	 {},
  OPTorganization = {},
  OPTpublisher = {},
  OPTnote = 	 {},
  OPTannote = 	 {}
}

@InProceedings{flab/yamamoto17:icmu,
  author = 	 {Yamamoto, Takahiro and Ishida, Shigemi and Izumi, Kousaku and Tagashira, Shigeaki and Fukuda, Fukuda},
  title = 	 {Accuracy Improvement in Sensor Localization System utilizing Heterogeneous Wireless Technologies},
  OPTcrossref =  {},
  OPTkey = 	 {},
  booktitle =	 IPSJ_P_ICMU,
  year = 	 {2017},
  OPTeditor = 	 {},
  OPTvolume = 	 {},
  OPTnumber = 	 {},
  OPTseries = 	 {},
  pages = 	 {26--31},
  month = 	 oct,
  OPTaddress = 	 {Toyama, Japan},
  OPTorganization = {},
  OPTpublisher = {},
  OPTnote = 	 {},
  OPTannote = 	 {}
}

@InProceedings{flab/tanaka17:tencon,
  author = 	 {Tanaka, Fumiya and Hisazumi, Kenji and Ishida, Shigemi and Fukuda, Akira},
  title = 	 {A Methodology to Develop Energy Adaptive Software Using Model-Driven Development},
  OPTcrossref =  {},
  OPTkey = 	 {},
  booktitle =	 IEEE_P_TENCON,
  year = 	 {2017},
  OPTeditor = 	 {},
  OPTvolume = 	 {},
  OPTnumber = 	 {},
  OPTseries = 	 {},
  pages = 	 {769--774},
  month = 	 nov,
  OPTaddress = 	 {Penang, Malaysia},
  OPTorganization = {},
  OPTpublisher = {},
  OPTnote = 	 {},
  OPTannote = 	 {}
}

@Article{flab/kim17:freebee_ton,
  author = 	 {Kim, Song Min and Ishida, Shigemi and Wang, Shuai and He, Tian},
  title = 	 {Free Side-Channel Cross-Technology Communication in Wireless Networks},
  journal = 	 IEEE_J_NET,
  year = 	 {2017},
  OPTkey = 	 {},
  volume = 	 {25},
  number = 	 {5},
  pages = 	 {2974--2987},
  month =	 oct,
  OPTnote = 	 {},
  OPTannote = 	 {}
}

@Unpublished{flab/kajimura17:fit_exhibi,
  author = 	 {梶村 順平 and 石田 繁巳 and 久保 一雄 and 内野 雅人 and 田頭 茂明 and 福田 晃},
  title = 	 {ステレオマイクを用いた車両検出},
  note = 	 {情報科学技術フォーラム（FIT）, 技術展示},
  OPTkey = 	 {},
  month = 	 sep,
  year = 	 {2017},
  OPTannote = 	 {}
}

@InProceedings{flab/murakami17:csi_11ac_cq,
  author = 	 {村上友規 and 梅内 誠 and 宮\UTF{FA11} 雅彦 and \UTF{4E1B} 銘 and 折原 凌 and 石田 繁巳 and 福田 晃},
  title = 	 {高効率{CSI}取得システムを用いた人体検出の実験評価},
  OPTcrossref =  {},
  OPTkey = 	 {},
  booktitle =    IEICEJ_T,
  pages = 	 {1},
  year = 	 {2017},
  OPTeditor = 	 {},
  OPTvolume = 	 {},
  OPTnumber = 	 {},
  OPTseries = 	 {},
  OPTaddress = 	 {},
  month = 	 oct,
  OPTorganization = {},
  OPTpublisher =	 IEICEJ_T_CQ # "（CQ2017-151）",
  publisher =	 IEICEJ_T_CQ,
  OPTnote = 	 {},
  OPTannote = 	 {}
}

@InCollection{flab/ishida18:bleloc_book,
  author = 	 {Ishida, Shigemi and Takashima, Yoko and Tagashira, Shigeaki and Fukuda, Akira},
  title = 	 {Design and Initial Evaluation of Bluetooth Low Energy Separate Channel Fingerprinting},
  booktitle = 	 {New Trends in E-Service and Smart Computing, Studies in Computational Intelligence},
  OPTcrossref =  {},
  OPTkey = 	 {},
  publisher =	 {Springer},
  year = 	 {2018},
  editor = 	 {Matsuo, Tokuro and Mine, Tsunenori and Hirokawa, Sachio},
  volume = 	 {742},
  OPTnumber = 	 {},
  OPTseries = 	 {Studies in Computational Intelligence},
  OPTtype = 	 {},
  OPTchapter = 	 {},
  pages = 	 {19--33},
  OPTedition = 	 {},
  month = 	 jan,
  OPTaddress = 	 {},
  OPTnote = 	 {},
  OPTannote = 	 {}
}

@InCollection{flab/fukuda18:kibans_book,
  author = 	 {Fukuda, Akira and Hisazumi, Kenji and Mine, Tsunenori and Ishida, Shigemi and Ando, Takahiro and Ishibashi, Shota and Tagashira, Shigeaki and Kaneko, Kunihiko and Arakawa, Yutaka and Kong, Weiqiang and Li, Guoqiang},
  title = 	 {Toward Sustainable Smart Mobility Information Infrastructure Platform: Project Overview},
  booktitle = 	 {New Trends in E-Service and Smart Computing, Studies in Computational Intelligence},
  OPTcrossref =  {},
  OPTkey = 	 {},
  publisher =	 {Springer},
  year = 	 {2018},
  editor = 	 {Matsuo, Tokuro and Mine, Tsunenori and Hirokawa, Sachio},
  volume = 	 {742},
  OPTnumber = 	 {},
  OPTseries = 	 {Studies in Computational Intelligence},
  OPTtype = 	 {},
  OPTchapter = 	 {},
  pages = 	 {35--46},
  OPTedition = 	 {},
  month = 	 jan,
  OPTaddress = 	 {},
  OPTnote = 	 {},
  OPTannote = 	 {}
}

@InProceedings{flab/sato17:train_ipsj_its,
  author = 	 {佐藤 孝嗣 and 石田 繁巳 and 梶村 順平 and 内野 雅人 and 田頭 茂明 and 福田 晃},
  title = 	 {マイクロフォンを用いた列車・自動車同時検出システムの提案},
  OPTcrossref =  {},
  OPTkey = 	 {},
  booktitle =	 IPSJJ_T_,
  year = 	 {2017},
  OPTeditor = 	 {},
  OPTvolume = 	 {2017-ITS-71},
  OPTnumber = 	 {6},
  OPTseries = 	 {},
  pages = 	 {1--4},
  month = 	 nov,
  OPTaddress = 	 {},
  OPTorganization = {},
  publisher =	 IPSJJ_T_ITS2 # "（ITS-71-6）",
  OPTnote = 	 {},
  OPTannote = 	 {}
}

@InProceedings{flab/kubo17:lp_ipsj_its,
  author = 	 {久保 一雄 and 李 承諭 and 石田 繁巳 and 田頭 茂明 and 福田 晃},
  title = 	 {離散ウェーブレット変換を用いた路側設置マイクによる省リソース車両検出手法の検討},
  OPTcrossref =  {},
  OPTkey = 	 {},
  booktitle =	 IPSJJ_T_,
  year = 	 {2017},
  OPTeditor = 	 {},
  OPTvolume = 	 {2017-ITS-71},
  OPTnumber = 	 {21},
  OPTseries = 	 {},
  pages = 	 {1--6},
  month = 	 nov,
  OPTaddress = 	 {},
  OPTorganization = {},
  publisher =	 IPSJJ_T_ITS2 # "（ITS-71-21）",
  OPTnote = 	 {},
  OPTannote = 	 {}
}

@InProceedings{flab/sato17:train_its_symp,
  author = 	 {佐藤 孝嗣 and 石田 繁巳 and 梶村 順平 and 内野 雅人 and 田頭 茂明 and 福田 晃},
  title = 	 {マイクロフォンを用いた列車・自動車同時検出システムの提案},
  OPTcrossref =  {},
  OPTkey = 	 {},
  booktitle =	 MISCJ_ITS_SYMP,
  year = 	 {2017},
  OPTeditor = 	 {},
  OPTvolume = 	 {},
  OPTnumber = 	 {},
  OPTseries = 	 {},
  pages = 	 {1--6},
  month = 	 dec,
  OPTaddress = 	 {},
  OPTorganization = {},
  OPTpublisher = {},
  OPTnote = 	 {},
  OPTannote = 	 {}
}

@InProceedings{flab/kubo17:lp_its_symp,
  author = 	 {久保 一雄 and 李 承諭 and 石田 繁巳 and 田頭 茂明 and 福田 晃},
  title = 	 {離散ウェーブレット変換を用いた路側設置マイクによる省リソース車両検出手法の検討},
  OPTcrossref =  {},
  OPTkey = 	 {},
  booktitle =	 MISCJ_ITS_SYMP,
  year = 	 {2017},
  OPTeditor = 	 {},
  OPTvolume = 	 {},
  OPTnumber = 	 {},
  OPTseries = 	 {},
  pages = 	 {1--6},
  month = 	 dec,
  OPTaddress = 	 {},
  OPTorganization = {},
  OPTpublisher = {},
  OPTnote = 	 {},
  OPTannote = 	 {}
}

@InProceedings{flab/wada17:track_sotai,
  author = 	 {和田 瞭也 and 田頭 茂明 and 荻野 正樹 and 石田 繁巳 and 福田 晃},
  title = 	 {圧力センサシートを用いたユーザトラッキングシステムの歩行者の靴跡に対する性能評価},
  OPTcrossref =  {},
  OPTkey = 	 {},
  booktitle =	 IEICEJ_SO,
  year = 	 {2017},
  OPTeditor = 	 {},
  OPTvolume = 	 {},
  OPTnumber = 	 {},
  OPTseries = 	 {},
  pages = 	 {1},
  month = 	 sep,
  OPTaddress = 	 {},
  OPTorganization = {},
  publisher =	 {B-15-8},
  OPTnote = 	 {},
  OPTannote = 	 {}
}

@Unpublished{flab/kubo17:indonesia_poster,
  author = 	 {Kubo, Kazuo and Li, Chengyu and Ishida, Shigemi and Tagashira, Shigeaki and Fukuda, Akira},
  title = 	 {[Poster] Proposal of Low Power Vehicle Detection System utilizing a Wake-up Mechanism},
  note = 	 {Indonesia-Japan Joint Workshop on Ambient Intelligence and Sensor Networks},
  OPTkey = 	 {},
  month = 	 dec,
  year = 	 {2017},
  OPTaddress =	 {Yogyakarta, Indonesia},
  OPTannote = 	 {}
}

@Unpublished{flab/sato17:indonesia_poster,
  author = 	 {Sato, Koji and Ishida, Shigemi and Kajimura, Jumpei and Uchino, Masato and Tagashira, Shigeaki and Fukuda, Akira},
  title = 	 {[Poster] The Proposal of Train and Vehicle Detection System},
  note = 	 {Indonesia-Japan Joint Workshop on Ambient Intelligence and Sensor Networks},
  OPTkey = 	 {},
  month = 	 dec,
  year = 	 {2017},
  OPTaddress =	 {Yogyakarta, Indonesia},
  OPTannote = 	 {}
}

@Unpublished{flab/kubo17:indonesia,
  author = 	 {Kubo, Kazuo and Li, Chengyu and Ishida, Shigemi and Tagashira, Shigeaki and Fukuda, Akira},
  title = 	 {Proposal of Low Power Vehicle Detection System utilizing a Wake-up Mechanism, oral presentation},
  note = 	 {Indonesia-Japan Joint Workshop on Ambient Intelligence and Sensor Networks},
  OPTkey = 	 {},
  month = 	 dec,
  year = 	 {2017},
  OPTaddress =	 {Yogyakarta, Indonesia},
  OPTannote = 	 {}
}

@Unpublished{flab/sato17:indonesia,
  author = 	 {Sato, Koji and Ishida, Shigemi and Kajimura, Jumpei and Uchino, Masato and Tagashira, Shigeaki and Fukuda, Akira},
  title = 	 {The Proposal of Train and Vehicle Detection System, oral presentation},
  note = 	 {Indonesia-Japan Joint Workshop on Ambient Intelligence and Sensor Networks},
  OPTkey = 	 {},
  month = 	 dec,
  year = 	 {2017},
  OPTaddress =	 {Yogyakarta, Indonesia},
  OPTannote = 	 {}
}

@Article{flab/ishida18:ondemand_loc,
  author = 	 {石田 繁巳 and 田頭 茂明 and 荒川 豊 and 福田 晃},
  title = 	 {オンデマンド屋内位置情報サービスに向けた分散測位型アドホック測位ネットワーク},
  journal = 	 IEICEJ_J_B,
  year = 	 {2018},
  OPTkey = 	 {},
  volume = 	 {J101-B},
  number = 	 {5},
  OPTpages = 	 {},
  month = 	 may,
  note = 	 {(will appear)},
  OPTannote = 	 {}
}

@InProceedings{flab/kubo18:its_sogo,
  author = 	 {久保 一雄 and 李 承諭 and 内野 雅人 and 石田 繁巳 and 田頭 茂明 and 福田 晃},
  title = 	 {離散ウェーブレット変換を用いた車両検出時の窓関数の影響},
  OPTcrossref =  {},
  OPTkey = 	 {},
  booktitle =	 IEICEJ_ST,
  pages = 	 {1},
  year = 	 {2018},
  OPTeditor = 	 {},
  OPTvolume = 	 {},
  OPTnumber = 	 {},
  OPTseries = 	 {},
  OPTaddress = 	 {},
  month = 	 mar,
  OPTorganization = {},
  OPTpublisher =	 {B-18-46},
  note = 	 {(will appear)},
  OPTannote = 	 {}
}

@InProceedings{flab/kubo18:its_ap,
  author = 	 {Kubo, Kazuo and Li, Chengyu and Ishida, Shigemi and Tagashira, Shigeaki and Fukuda, Akira},
  title = 	 {Design of Ultra Low Power Vehicle Detector utilizing Discrete Wavelet Transform},
  OPTcrossref =  {},
  OPTkey = 	 {},
  booktitle =	 MISC_P_ITSAP,
  year = 	 {2018},
  OPTeditor = 	 {},
  OPTvolume = 	 {},
  OPTnumber = 	 {},
  OPTseries = 	 {},
  OPTpages = 	 {},
  month = 	 may,
  OPTaddress = 	 {Fukuoka, Japan},
  OPTorganization = {},
  OPTpublisher = {},
  note = 	 {(will appear)},
  OPTannote = 	 {}
}

@InProceedings{flab/sato18:its_ap,
  author = 	 {Sato, Koji and Ishida, Shigemi and Kajimura, Jumpei and Uchino, Masato and Tagashira, Shigeaki and Fukuda, Akira},
  title = 	 {Initial Evaluation of Acoutic Train Detection System},
  OPTcrossref =  {},
  OPTkey = 	 {},
  booktitle =	 MISC_P_ITSAP,
  year = 	 {2018},
  OPTeditor = 	 {},
  OPTvolume = 	 {},
  OPTnumber = 	 {},
  OPTseries = 	 {},
  OPTpages = 	 {},
  month = 	 may,
  OPTaddress = 	 {Fukuoka, Japan},
  OPTorganization = {},
  OPTpublisher = {},
  note = 	 {(will appear)},
  OPTannote = 	 {}
}

@InProceedings{flab/kajimura18:ipsj-its72,
  author = 	 {梶村 順平 and 石田 繁巳 and 内野 雅人 and 田頭 茂明 and 福田 晃},
  title = 	 {路側設置マイクによる車両検出における連続車両検出精度向上に関する検討},
  OPTcrossref =  {},
  OPTkey = 	 {},
  booktitle =	 IPSJJ_T_,
  year = 	 {2018},
  OPTeditor = 	 {},
  OPTvolume = 	 {2018-ITS-xx},
  OPTnumber = 	 {},
  OPTseries = 	 {},
  OPTpages = 	 {},
  month = 	 mar,
  OPTaddress = 	 {},
  OPTorganization = {},
  publisher =	 IPSJJ_T_ITS2,
  note = 	 {(will appear)},
  OPTannote = 	 {}
}

